<?xml version="1.0" encoding="UTF-8"?>
<collection xmlns:xsi="http://www.w3.org/2001/XMLSchema-instance" xsi:schemaLocation="http://www.loc.gov/MARC21/slim http://www.loc.gov/standards/marcxml/schema/MARC21slim.xsd" xmlns="http://www.loc.gov/MARC21/slim">
<record>
  <leader>01037mam a2200253 a 4500</leader>
  <controlfield tag="001">638148</controlfield>
  <controlfield tag="003">NNC</controlfield>
  <controlfield tag="005">20140722151947.0</controlfield>
  <controlfield tag="008">960626s1983    ir cfh   b    001 0 arard</controlfield>
  <datafield tag="035" ind1=" " ind2=" ">
    <subfield code="a">(OCoLC)17661855</subfield>
  </datafield>
  <datafield tag="035" ind1=" " ind2=" ">
    <subfield code="a">(OCoLC)ocm17661855</subfield>
  </datafield>
  <datafield tag="035" ind1=" " ind2=" ">
    <subfield code="9">ACU4648CU</subfield>
  </datafield>
  <datafield tag="035" ind1=" " ind2=" ">
    <subfield code="a">(NNC)638148</subfield>
  </datafield>
  <datafield tag="040" ind1=" " ind2=" ">
    <subfield code="a">IXA</subfield>
    <subfield code="c">IXA</subfield>
  </datafield>
  <datafield tag="041" ind1="0" ind2=" ">
    <subfield code="a">ara</subfield>
  </datafield>
  <datafield tag="100" ind1="1" ind2=" ">
    <subfield code="a">ʻAlāʼ al-Dawlah Simnānī, Aḥmad ibn Muḥammad,</subfield>
    <subfield code="d">1260-1355.</subfield>
  </datafield>
  <datafield tag="245" ind1="1" ind2="3">
    <subfield code="a">al-ʻUrwah li-ahl al-khalwah wa-al-jalwah /</subfield>
    <subfield code="c">taṣnīf-i Aḥmad ibn Muḥammad ibn Aḥmad Biyābānak, maʻrūf bih ʻAlāʾ al-Dawlah Simnānī ; bih taṣḥīḥ va tawz̤īḥ-i Najīb Māyil Haravī.</subfield>
  </datafield>
  <datafield tag="250" ind1=" " ind2=" ">
    <subfield code="a">Chāp-i 1.</subfield>
  </datafield>
  <datafield tag="260" ind1=" " ind2=" ">
    <subfield code="a">Tihrān :</subfield>
    <subfield code="b">Intishārāt-i Mawlʹa,</subfield>
    <subfield code="c">1404 [1983 or 1984]</subfield>
  </datafield>
  <datafield tag="300" ind1=" " ind2=" ">
    <subfield code="a">644 p., [2] leaves of plates :</subfield>
    <subfield code="b">facsims., ports. ;</subfield>
    <subfield code="c">25 cm.</subfield>
  </datafield>
  <datafield tag="504" ind1=" " ind2=" ">
    <subfield code="a">Includes bibliographical references (p. [633]-644) and indexes.</subfield>
  </datafield>
  <datafield tag="650" ind1=" " ind2="0">
    <subfield code="a">Sufism</subfield>
    <subfield code="v">Early works to 1800.</subfield>
  </datafield>
  <datafield tag="650" ind1=" " ind2="0">
    <subfield code="a">Islamic philosophy</subfield>
    <subfield code="v">Early works to 1800.</subfield>
  </datafield>
  <datafield tag="700" ind1="1" ind2=" ">
    <subfield code="a">Māyil Haravī, Najīb.</subfield>
  </datafield>
  <datafield tag="955" ind1=" " ind2=" ">
    <subfield code="b">CU01302493</subfield>
    <subfield code="d">off,glx</subfield>
    <subfield code="e">BP189 .A4296 1983g</subfield>
  </datafield>
</record>
</collection>